%% H/T to: https://www.doi2bib.org
@article{Ogita2005,
  doi = {10.1137/030601818},
  url = {https://doi.org/10.1137/030601818},
  year = {2005},
  month = {Jan},
  publisher = {Society for Industrial {\&} Applied Mathematics ({SIAM})},
  volume = {26},
  number = {6},
  pages = {1955--1988},
  author = {Takeshi Ogita and Siegfried M. Rump and Shin{\textquotesingle}ichi Oishi},
  title = {Accurate {S}um and {D}ot {P}roduct},
  journal = {{SIAM} Journal on Scientific Computing}
}
@article{Graillat2009,
  doi = {10.1007/bf03186531},
  url = {https://doi.org/10.1007/bf03186531},
  year = {2009},
  month = {Oct},
  publisher = {Springer Nature},
  volume = {26},
  number = {2-3},
  pages = {191--214},
  author = {Stef Graillat and Philippe Langlois and Nicolas Louvet},
  title = {Algorithms for accurate, validated and fast polynomial evaluation},
  journal = {Japan Journal of Industrial and Applied Mathematics}
}
@article{Jiang2010,
  doi = {10.1016/j.camwa.2010.05.021},
  url = {https://doi.org/10.1016/j.camwa.2010.05.021},
  year = {2010},
  month = {Aug},
  publisher = {Elsevier {BV}},
  volume = {60},
  number = {3},
  pages = {744--755},
  author = {Hao Jiang and Shengguo Li and Lizhi Cheng and Fang Su},
  title = {Accurate evaluation of a polynomial and its derivative in {B}ernstein form},
  journal = {Computers {\&} Mathematics with Applications}
}
@article{Delgado2015,
  doi = {10.1016/j.amc.2015.08.086},
  url = {https://doi.org/10.1016/j.amc.2015.08.086},
  year = {2015},
  month = {Nov},
  publisher = {Elsevier {BV}},
  volume = {271},
  pages = {113--122},
  author = {Jorge Delgado and J.M. Pe{\~{n}}a},
  title = {Accurate evaluation of {B}{\'{e}}zier curves and surfaces and the {B}ernstein-{F}ourier algorithm},
  journal = {Applied Mathematics and Computation}
}
@article{Mainar2005,
  doi = {10.1007/s00607-005-0149-8},
  url = {https://doi.org/10.1007/s00607-005-0149-8},
  year = {2005},
  month = {Dec},
  publisher = {Springer Nature},
  volume = {77},
  number = {1},
  pages = {97--111},
  author = {E. Mainar and J. M. Pe{\~{n}}a},
  title = {Running {E}rror {A}nalysis of {E}valuation {A}lgorithms for {B}ivariate {P}olynomials in {B}arycentric {B}ernstein {F}orm},
  journal = {Computing}
}
@article{Mainar1999,
  doi = {10.1023/a:1019190220312},
  url = {https://doi.org/10.1023/a:1019190220312},
  year = {1999},
  publisher = {Springer Nature},
  volume = {22},
  number = {1},
  pages = {41--52},
  author = {E. Mainar and J.M. Pe{\~{n}}a},
  title = {Error analysis of corner cutting algorithms},
  journal = {Numerical Algorithms}
}
@book{Higham2002,
  doi = {10.1137/1.9780898718027},
  url = {https://doi.org/10.1137/1.9780898718027},
  year = {2002},
  month = {jan},
  publisher = {Society for Industrial and Applied Mathematics},
  author = {Nicholas J. Higham},
  title = {Accuracy and Stability of Numerical Algorithms}
}
@article{Dekker1971,
  doi = {10.1007/bf01397083},
  url = {https://doi.org/10.1007/bf01397083},
  year = {1971},
  month = {Jun},
  publisher = {Springer Nature},
  volume = {18},
  number = {3},
  pages = {224--242},
  author = {T. J. Dekker},
  title = {A floating-point technique for extending the available precision},
  journal = {Numerische Mathematik}
}
@article{Farouki1987,
  doi = {10.1016/0167-8396(87)90012-4},
  url = {https://dx.doi.org/10.1016/0167-8396(87)90012-4},
  year = {1987},
  month = {Nov},
  publisher = {Elsevier {BV}},
  volume = {4},
  number = {3},
  pages = {191--216},
  author = {R.T. Farouki and V.T. Rajan},
  title = {On the numerical condition of polynomials in {B}ernstein form},
  journal = {Computer Aided Geometric Design}
}
%% Via http://drops.dagstuhl.de/opus/volltexte/2006/442/
@InProceedings{langlois_et_al:DSP:2006:442,
  author = {Philippe Langlois and Stef Graillat and Nicolas Louvet},
  title = {Compensated {H}orner {S}cheme},
  booktitle = {Algebraic and Numerical Algorithms and Computer-assisted Proofs},
  year = {2006},
  editor = {Bruno Buchberger and Shin{\textquotesingle}ichi Oishi and Michael Plum and Sigfried M. Rump},
  number = {05391},
  pages = {1--29},
  series = {Dagstuhl Seminar Proceedings},
  ISSN = {1862-4405},
  publisher = {Internationales Begegnungs- und Forschungszentrum f{\"u}r Informatik (IBFI), Schloss Dagstuhl, Germany},
  address = {Dagstuhl, Germany},
  url = {http://drops.dagstuhl.de/opus/volltexte/2006/442},
  annote = {Keywords: Polynomial evaluation, Horner scheme, error-free transformation, floating point arithmetic, accuracy}
}
%% Via ISBN
@book{Knuth1997,
  Author = {Donald E. Knuth},
  Title = {Art of Computer Programming, Volume 2: Seminumerical Algorithms (3rd Edition)},
  Publisher = {Addison-Wesley Professional},
  Year = {1997},
  ISBN = {0201896842},
}
%%%%%%%%%%%%%%%%%%%%%%%%%%%%%%%%%%%%%%%%%%%%%
@article{Farouki1991,
  doi = {10.1016/0167-8396(91)90047-f},
  url = {https://dx.doi.org/10.1016/0167-8396(91)90047-F},
  year  = {1991},
  month = {Feb},
  publisher = {Elsevier {BV}},
  volume = {8},
  number = {1},
  pages = {29--36},
  author = {R.T. Farouki},
  title = {On the stability of transformations between power and {B}ernstein polynomial forms},
  journal = {Computer Aided Geometric Design}
}
@article{Farin1986,
  doi = {10.1016/0167-8396(86)90016-6},
  url = {https://dx.doi.org/10.1016/0167-8396(86)90016-6},
  year  = {1986},
  month = {Aug},
  publisher = {Elsevier {BV}},
  volume = {3},
  number = {2},
  pages = {83--127},
  author = {Gerald Farin},
  title = {Triangular {B}ernstein-{B}{\'{e}}zier patches},
  journal = {Computer Aided Geometric Design}
}
@article{Kim1998,
  doi = {10.1016/s0010-4485(98)00052-9},
  url = {https://dx.doi.org/10.1016/S0010-4485(98)00052-9},
  year  = {1998},
  month = {Nov},
  publisher = {Elsevier {BV}},
  volume = {30},
  number = {13},
  pages = {1047--1051},
  author = {Deok-Soo Kim and Soon-Woong Lee and Hayong Shin},
  title = {A cocktail algorithm for planar {B}{\'{e}}zier curve intersections},
  journal = {Computer-Aided Design}
}
@techreport{Manocha:CSD-92-698,
    Author = {Manocha, Dinesh and Demmel, James W.},
    Title = {Algorithms for Intersecting Parametric and Algebraic Curves},
    Institution = {EECS Department, University of California, Berkeley},
    Year = {1992},
    Month = {Aug},
    URL = {https://www2.eecs.berkeley.edu/Pubs/TechRpts/1992/6266.html},
    Number = {UCB/CSD-92-698},
}
@article{Sederberg1990,
  doi = {10.1016/0010-4485(90)90039-f},
  url = {https://dx.doi.org/10.1016/0010-4485(90)90039-F},
  year  = {1990},
  month = {Nov},
  publisher = {Elsevier {BV}},
  volume = {22},
  number = {9},
  pages = {538--549},
  author = {T.W. Sederberg and T. Nishita},
  title = {Curve intersection using {B}{\'{e}}zier clipping},
  journal = {Computer-Aided Design}
}
@article{Sederberg1986,
  doi = {10.1016/s0010-4485(86)80013-6},
  url = {https://dx.doi.org/10.1016/S0010-4485(86)80013-6},
  year  = {1986},
  month = {Jan},
  publisher = {Elsevier {BV}},
  volume = {18},
  number = {1},
  pages = {58--63},
  author = {Thomas W Sederberg and Scott R Parry},
  title = {Comparison of three curve intersection algorithms},
  journal = {Computer-Aided Design}
}
